@book{eiben,
    title={Introduction to Evolutionary Computing},
    author={A.E Eiben, J.E Smith},
    isbn={9783662448731},
    series={Springer Natural Computing Series},
    year={2015},
    publisher={Springer},
    keywords = {computation}
}
